[gd_scene load_steps=11 format=2]

[ext_resource path="res://actor/player_third/states/action.gd" type="Script" id=1]
[ext_resource path="res://actor/player_third/states/fall.gd" type="Script" id=2]
[ext_resource path="res://actor/player_third/states/idle.gd" type="Script" id=3]
[ext_resource path="res://actor/player_third/states/jump.gd" type="Script" id=4]
[ext_resource path="res://actor/player_third/Player.gd" type="Script" id=5]
[ext_resource path="res://actor/player_third/states/walk.gd" type="Script" id=6]
[ext_resource path="res://actor/player_third/states/run.gd" type="Script" id=7]
[ext_resource path="res://actor/player_third/state_machine.gd" type="Script" id=8]
[ext_resource path="res://actor/player_third/sprites/sprite.tres" type="SpriteFrames" id=9]

[sub_resource type="CircleShape2D" id=1]
radius = 15.2183

[node name="Player" type="KinematicBody2D"]
script = ExtResource( 5 )

[node name="StateMachine" type="Node" parent="."]
script = ExtResource( 8 )

[node name="idle" type="Node" parent="StateMachine"]
script = ExtResource( 3 )

[node name="action" type="Node" parent="StateMachine"]
script = ExtResource( 1 )

[node name="walk" type="Node" parent="StateMachine"]
script = ExtResource( 6 )

[node name="run" type="Node" parent="StateMachine"]
script = ExtResource( 7 )

[node name="jump" type="Node" parent="StateMachine"]
script = ExtResource( 4 )

[node name="fall" type="Node" parent="StateMachine"]
script = ExtResource( 2 )

[node name="sprite" type="AnimatedSprite" parent="."]
position = Vector2( 0.880066, 7.21664 )
scale = Vector2( 0.25, 0.25 )
frames = ExtResource( 9 )
playing = true

[node name="stateinfo" type="Label" parent="."]
margin_left = -18.5316
margin_top = -124.162
margin_right = 21.4684
margin_bottom = -110.162
__meta__ = {
"_edit_use_anchors_": false
}

[node name="cam" type="Camera2D" parent="."]
current = true

[node name="body" type="CollisionShape2D" parent="."]
position = Vector2( -2.50926, 51.4509 )
shape = SubResource( 1 )
