[gd_scene load_steps=12 format=2]

[ext_resource path="res://actor/player_sidescroll/states/action.gd" type="Script" id=1]
[ext_resource path="res://actor/player_sidescroll/states/ground_atk.gd" type="Script" id=2]
[ext_resource path="res://actor/player_sidescroll/states/idle.gd" type="Script" id=3]
[ext_resource path="res://actor/player_sidescroll/states/jump.gd" type="Script" id=4]
[ext_resource path="res://actor/player_sidescroll/Player.gd" type="Script" id=5]
[ext_resource path="res://actor/player_sidescroll/states/walk.gd" type="Script" id=6]
[ext_resource path="res://actor/player_sidescroll/states/run.gd" type="Script" id=7]
[ext_resource path="res://actor/player_sidescroll/state_machine.gd" type="Script" id=8]
[ext_resource path="res://actor/player_sidescroll/sprites/sprite.tres" type="SpriteFrames" id=9]
[ext_resource path="res://actor/player_sidescroll/states/air_atk.gd" type="Script" id=10]

[sub_resource type="CircleShape2D" id=1]
radius = 15.2183

[node name="Player" type="KinematicBody2D"]
script = ExtResource( 5 )

[node name="StateMachine" type="Node" parent="."]
script = ExtResource( 8 )

[node name="air_atk" type="Node" parent="StateMachine"]
script = ExtResource( 10 )

[node name="jump" type="Node" parent="StateMachine"]
script = ExtResource( 4 )

[node name="ground_atk" type="Node" parent="StateMachine"]
script = ExtResource( 2 )

[node name="idle" type="Node" parent="StateMachine"]
script = ExtResource( 3 )

[node name="walk" type="Node" parent="StateMachine"]
script = ExtResource( 6 )

[node name="run" type="Node" parent="StateMachine"]
script = ExtResource( 7 )

[node name="unused" type="Node" parent="StateMachine"]

[node name="action" type="Node" parent="StateMachine/unused"]
script = ExtResource( 1 )

[node name="shadow" type="Polygon2D" parent="."]
color = Color( 0, 0, 0, 0.513726 )
polygon = PoolVector2Array( 17.8098, 60.9801, 0.828857, 57.5839, -19.9256, 61.3575, -21.8124, 66.6404, 1.96092, 70.7913, 24.2248, 65.8857 )

[node name="sprite" type="AnimatedSprite" parent="."]
position = Vector2( 0.880066, 7.21664 )
scale = Vector2( 0.25, 0.25 )
frames = ExtResource( 9 )
animation = "idlefight_sd"
frame = 5
playing = true

[node name="stateinfo" type="Label" parent="."]
margin_left = -18.5316
margin_top = -124.162
margin_right = 21.4684
margin_bottom = -110.162
__meta__ = {
"_edit_use_anchors_": false
}

[node name="cam" type="Camera2D" parent="."]
current = true

[node name="body" type="CollisionShape2D" parent="."]
position = Vector2( -2.50926, 51.4509 )
shape = SubResource( 1 )
