[gd_scene load_steps=8 format=2]

[ext_resource path="res://actor/player_adv/player_adv.gd" type="Script" id=1]
[ext_resource path="res://actor/player_adv/state_machine_adv.gd" type="Script" id=2]
[ext_resource path="res://actor/player_adv/sprites/sprite.tres" type="SpriteFrames" id=3]
[ext_resource path="res://actor/player_adv/states/idle.gd" type="Script" id=4]
[ext_resource path="res://actor/player_adv/states/walking.gd" type="Script" id=5]
[ext_resource path="res://actor/player_adv/gui/base.tscn" type="PackedScene" id=6]

[sub_resource type="CircleShape2D" id=1]
radius = 48.0

[node name="player_adv" type="Node2D"]
script = ExtResource( 1 )

[node name="gui" parent="." instance=ExtResource( 6 )]

[node name="state_machine" type="Node" parent="."]
script = ExtResource( 2 )

[node name="walking" type="Node" parent="state_machine"]
script = ExtResource( 5 )

[node name="idle" type="Node" parent="state_machine"]
script = ExtResource( 4 )

[node name="sprite" type="AnimatedSprite" parent="."]
frames = ExtResource( 3 )
animation = "idle_sd"
frame = 3
playing = true
offset = Vector2( 0, -200 )

[node name="cam" type="Camera2D" parent="."]
position = Vector2( -8, -200 )
zoom = Vector2( 1.2, 1.2 )
limit_smoothed = true
drag_margin_h_enabled = true
drag_margin_v_enabled = true
smoothing_enabled = true
drag_margin_left = 0.0
drag_margin_top = 0.0
drag_margin_right = 0.0
drag_margin_bottom = 0.0

[node name="feet" type="RayCast2D" parent="."]
position = Vector2( 0, -8 )
enabled = true
cast_to = Vector2( 0, 10 )

[node name="Label" type="Label" parent="."]
margin_top = -160.0
margin_right = 40.0
margin_bottom = -146.0
custom_colors/font_color = Color( 0.992157, 0.988235, 0.992157, 1 )
custom_colors/font_outline_modulate = Color( 0, 0, 0, 1 )
custom_colors/font_color_shadow = Color( 0, 0, 0, 1 )
custom_constants/shadow_as_outline = 1
text = "TEST"
__meta__ = {
"_edit_use_anchors_": false
}

[node name="body" type="Area2D" parent="."]

[node name="CollisionShape2D" type="CollisionShape2D" parent="body"]
shape = SubResource( 1 )
